/Users/mabj/Documents/phd/bibliography/conviso_20130128.bib